@book{DK14,
  title={Art of Computer Programming, Volume 2: Seminumerical Algorithms},
  author={Knuth, D.E.},
  isbn={9780321635761},
  year={2014},
  publisher={Pearson Education}
}

@book{AL14,
  title={Introduction to the Design and Analysis of Algorithms: International Edition},
  author={Levitin, A.},
  isbn={9781292014111},
  year={2014},
  publisher={Pearson Education Limited}
}

@book{DP06,
  title={Algorithms},
  author={Dasgupta, C. H. Papadimitriou, and U. V. Vazirani},
  isbn={9780070636613},
  year={2006},
  publisher={McGraw-Hill Education (India) Pvt Limited}
}

@book{RM06,
  author={MORENO and R. y VEGAS and J.M.},
  year={2006},
  title={Una historia de las matemáticas para jóvenes.},
  publisher={Nivola Libros y Ediciones.}
  isbn = {78-84-92493-36-4}
}

@book{AS00,
  title={Algebra},
  author={Smith, S.A.},
  isbn={9789684443587},
  series={Serie AWLI},
  year={2000},
  publisher={Alhambra Mexicana, Editorial, S.A. de C.V.}
}

@book{KPR86,
  title={Algebra},
  author={Rees, P.K.},
  isbn={9789686708073},
  lccn={67010879},
  year={1986},
  publisher={Reverte, Editorial S.A.}
}

@techreport{ISO/IEC9899,
  type= {Standard},
  key = {ISO/IEC 9899:1999},
  month = sep,
  year = {2007},
  title = {Programming languages - C},
  institution = {WG14/N1256 }
}
